<record><leader>00000cas a2200000 a 4500</leader><controlfield tag="001">18667878</controlfield><controlfield tag="007">hd afu---bucu</controlfield><controlfield tag="008">881025d18181823paucr nea     0   a0eng c</controlfield><datafield ind1=" " ind2=" " tag="010"><subfield code="a">   00253075 </subfield></datafield><datafield ind1=" " ind2=" " tag="040"><subfield code="a">CFI</subfield><subfield code="b">eng</subfield><subfield code="c">CFI</subfield><subfield code="d">WAU</subfield><subfield code="d">OCLCQ</subfield><subfield code="d">OCLCF</subfield><subfield code="d">OCLCO</subfield><subfield code="d">OCLCQ</subfield></datafield><datafield ind1=" " ind2=" " tag="042"><subfield code="a">pcc</subfield></datafield><datafield ind1=" " ind2=" " tag="043"><subfield code="a">n-us-pa</subfield></datafield><datafield ind1=" " ind2="4" tag="050"><subfield code="a">AN112.P84</subfield><subfield code="b">U5</subfield></datafield><datafield ind1="0" ind2="4" tag="245"><subfield code="a">The Union, United States gazette, and true American for the country.</subfield></datafield><datafield ind1=" " ind2=" " tag="260"><subfield code="a">Philadelphia [Pa.] :</subfield><subfield code="b">Bronson &amp; Smith,</subfield><subfield code="c">1818-1823.</subfield></datafield><datafield ind1=" " ind2=" " tag="300"><subfield code="a">6 volumes ;</subfield><subfield code="c">52-64 cm</subfield></datafield><datafield ind1=" " ind2=" " tag="310"><subfield code="a">Semiweekly</subfield></datafield><datafield ind1=" " ind2=" " tag="336"><subfield code="a">text</subfield><subfield code="b">txt</subfield><subfield code="2">rdacontent</subfield></datafield><datafield ind1=" " ind2=" " tag="337"><subfield code="a">microform</subfield><subfield code="b">h</subfield><subfield code="2">rdamedia</subfield></datafield><datafield ind1=" " ind2=" " tag="338"><subfield code="a">microfilm reel</subfield><subfield code="b">hd</subfield><subfield code="2">rdacarrier</subfield></datafield><datafield ind1="0" ind2=" " tag="362"><subfield code="a">Whole no. v. 18, no. 1739 (Mar. 11, 1818)- = new ser., v. 1, no. 1-</subfield></datafield><datafield ind1="1" ind2=" " tag="362"><subfield code="a">Ceased Apr. 4, 1823.</subfield></datafield><datafield ind1=" " ind2=" " tag="580"><subfield code="a">Also issued in a daily ed. with title: Union, United States gazette and true American.</subfield></datafield><datafield ind1=" " ind2=" " tag="580"><subfield code="a">Formed by the merger of: True American, and: United States' gazette for the country (Philadelphia, Pa. : 1804).</subfield></datafield><datafield ind1=" " ind2=" " tag="588"><subfield code="a">Latest issue consulted: Whole no., v. 21, no. 2104 (Oct. 5, 1821) = n.s. v. 4, no. 374.</subfield></datafield><datafield ind1=" " ind2=" " tag="533"><subfield code="a">Microfilm.</subfield><subfield code="b">[Wooster, Ohio] :</subfield><subfield code="c">Micro Photo Division, Bell &amp; Howell Co.</subfield><subfield code="e">microfilm reels ; 35 mm.</subfield><subfield code="n">Filmed with other titles.</subfield></datafield><datafield ind1=" " ind2="0" tag="651"><subfield code="a">Philadelphia (Pa.)</subfield><subfield code="v">Newspapers.</subfield></datafield><datafield ind1=" " ind2="0" tag="651"><subfield code="a">Philadelphia County (Pa.)</subfield><subfield code="v">Newspapers.</subfield></datafield><datafield ind1=" " ind2="7" tag="651"><subfield code="a">Pennsylvania</subfield><subfield code="z">Philadelphia.</subfield><subfield code="2">fast</subfield><subfield code="0">(OCoLC)fst01204170</subfield></datafield><datafield ind1=" " ind2="7" tag="651"><subfield code="a">Pennsylvania</subfield><subfield code="z">Philadelphia County.</subfield><subfield code="2">fast</subfield><subfield code="0">(OCoLC)fst01217128</subfield></datafield><datafield ind1=" " ind2="7" tag="655"><subfield code="a">Newspapers.</subfield><subfield code="2">fast</subfield><subfield code="0">(OCoLC)fst01423814</subfield></datafield><datafield ind1=" " ind2=" " tag="752"><subfield code="a">United States</subfield><subfield code="b">Pennsylvania</subfield><subfield code="c">Philadelphia</subfield><subfield code="d">Philadelphia.</subfield></datafield><datafield ind1="1" ind2=" " tag="775"><subfield code="t">Union, United States gazette and true American</subfield><subfield code="w">(DLC)sn 84026282</subfield><subfield code="w">(OCoLC)10372396</subfield></datafield><datafield ind1="1" ind2=" " tag="776"><subfield code="c">Original</subfield><subfield code="w">(DLC)sn 83025943</subfield><subfield code="w">(OCoLC)10089497</subfield></datafield><datafield ind1="1" ind2="4" tag="780"><subfield code="t">True American</subfield></datafield><datafield ind1="1" ind2="4" tag="780"><subfield code="t">United States' gazette for the country (Philadelphia, Pa. : 1804)</subfield><subfield code="w">(DLC)   00253074</subfield><subfield code="w">(OCoLC)18667942</subfield></datafield><datafield ind1="0" ind2="0" tag="785"><subfield code="t">United States gazette for the country (Philadelphia, Pa. : 1823 : Semiweekly)</subfield><subfield code="w">(DLC)   00253076</subfield><subfield code="w">(OCoLC)18667886</subfield></datafield><datafield ind1="1" ind2=" " tag="029"><subfield code="a">AU@</subfield><subfield code="b">000022029446</subfield></datafield></record>